@Misc{Chang2022,
  author    = {Chang, T. L.},
  title     = {suanPan --- An Open Source, Parallel and Heterogeneous Finite Element Analysis Framework},
  year      = {2022},
  copyright = {Creative Commons Attribution 4.0 International},
  doi       = {10.5281/ZENODO.1285221},
  keywords  = {FEM, HPC, IGA},
  language  = {en},
  publisher = {Zenodo},
}

@Article{Preumont1982,
  author    = {Preumont, A.},
  journal   = {Earthquake Engineering \& Structural Dynamics},
  title     = {Frequency domain analysis of time integration operators},
  year      = {1982},
  month     = {sep},
  number    = {5},
  pages     = {691--697},
  volume    = {10},
  doi       = {10.1002/eqe.4290100506},
  publisher = {Wiley},
}

@Article{AriasTrujillo2012,
  author    = {Arias-Trujillo, Juana and Bl{\'{a}}zquez, Rafael and L{\'{o}}pez-Querol, Susana},
  journal   = {Soil Dynamics and Earthquake Engineering},
  title     = {A methodology based on a transfer function criterion to evaluate time integration algorithms},
  year      = {2012},
  month     = {jun},
  pages     = {1--23},
  volume    = {37},
  doi       = {10.1016/j.soildyn.2012.01.008},
  publisher = {Elsevier {BV}},
}

@Comment{jabref-meta: databaseType:bibtex;}
